
@INPROCEEDINGS{Dhamdhere18,
       Author = {Amogh Dhamdhere and David D. Clark and Alexander Gamero-Garrido and
Matthew Luckie and Ricky K. P. Mok and Gautam Akiwate and Kabir Gogia and
Vaibhav Bajpai and Alex C. Snoeren and kc claffy}, 
       Title = {{Inferring Persistent Interdomain Congestion}},
       BookTitle = {ACM SIGCOMM},
       Month = {Aug},
       Year = {2018},
       Keywords = {congestion   measurement methodology   passive data analysis   topology}
}
    

@INPROCEEDINGS{Clark18,
    Author = {David D. Clark and Amogh Dhamdere and k.c. claffy and Matthew Luckie and Alexander Gamero-Garrido},
    Title = {{Detecting Internet Congestion at Interconnection Points: An Empirical Analysis}},
    BookTitle = {TPRC46: Research Conference on Communications, Information and Internet Policy},
    Month = {Sep},
    Year = {2018}
}

@MISC{Trammell17,
    Author = {Brian Trammell},
    Title = {{On the Suitability of RTT Measurements for Geolocation}},
    Note =
{\url{https://github.com/britram/trilateration/blob/master/paper.ipynb} ---Accessed 6 December 2018},
    Month = {Aug},
    Year = {2017}
}

@MISC{aims-presentation,
    Author = {Alberto Dainotti},
    Title = {{A Conversation on Hyperpapers \& Open Co-Authoring}},
    Note =
{\url{http://www.caida.org/publications/presentations/2018/hyperpapers_open_coauthoring_aims/}
---Accessed 31 December 2018},
    Month = {Mar},
    Year = {2018}
}


@MISC{dagstuhl-site,
    Author = {Dagstuhl Seminar 18412},
    Title = {{Encouraging Reproducibility in Scientific Research of the Internet}},
    Note = {\url{https://www.dagstuhl.de/en/program/calendar/semhp/?semnr=18412}
---Accessed 31 December 2018},
    Month = {Oct},
    Year = {2018}
}




